%
%  An example of a bibliographical database for bibTeX
%
%  Recommended software for maintenance of *.bib files:
%    JabRef, http://jabref.sourceforge.net/
%
%  BEWARE:
%
%    *  If a name contains a capital letter, which must be kept such,
%       use curly brackets ({T}hailand, {HIV}).
%
%  ===========================================================================

@BOOK{Andel07,
  title = {Základy matematické statistiky},
  publisher = {Matfyzpress},
  year = {2007},
  author = {Anděl, J.},
  address = {Praha},
  series = {Druhé opravené vydání},
  isbn = {80-7378-001-1}
}